@Article{npg-13-151-2006,
AUTHOR = {Kondrashov, D. and Ghil, M.},
TITLE = {Spatio-temporal filling of missing points in geophysical data sets},
JOURNAL = {Nonlinear Processes in Geophysics},
VOLUME = {13},
YEAR = {2006},
NUMBER = {2},
PAGES = {151--159},
URL = {https://npg.copernicus.org/articles/13/151/2006/},
DOI = {10.5194/npg-13-151-2006}
}