@article{adomavicius2021understanding,
  title={Understanding longitudinal dynamics of recommender systems with agent-based modeling and simulation},
  author={Adomavicius, Gediminas and Jannach, Dietmar and Leitner, Stephan and Zhang, Jingjing},
  journal={arXiv preprint arXiv:2108.11068},
  year={2021}
}
@inproceedings{huang2024going,
  title={Going beyond popularity and positivity bias: Correcting for multifactorial bias in recommender systems},
  author={Huang, Jin and Oosterhuis, Harrie and Mansoury, Masoud and Van Hoof, Herke and de Rijke, Maarten},
  booktitle={Proceedings of the 47th International ACM SIGIR Conference on Research and Development in Information Retrieval},
  pages={416--426},
  year={2024}
}
@article{chen2023bias,
  title={Bias and debias in recommender system: A survey and future directions},
  author={Chen, Jiawei and Dong, Hande and Wang, Xiang and Feng, Fuli and Wang, Meng and He, Xiangnan},
  journal={ACM Transactions on Information Systems},
  volume={41},
  number={3},
  pages={1--39},
  year={2023},
  publisher={ACM New York, NY}
}
@inproceedings{lesota2023computational,
  title={Computational Versus Perceived Popularity Miscalibration in Recommender Systems},
  author={Lesota, Oleg and Escobedo, Gustavo and Deldjoo, Yashar and Ferwerda, Bruce and Kopeinik, Simone and Lex, Elisabeth and Rekabsaz, Navid and Schedl, Markus},
  booktitle={Proceedings of the 46th International ACM SIGIR Conference on Research and Development in Information Retrieval},
  pages={1889--1893},
  year={2023}
}